{
  "leader": "03280cas a2200613 a 4500",
  "fields": [
    {
      "001": "ocm04950593\\"
    },
    {
      "003": "OCoLC"
    },
    {
      "005": "20220712080826.0"
    },
    {
      "008": "790510d19531975nyugr\\\\\\\\\\g\\\\\\1\\\\\\a0eng\\c"
    },
    {
      "010": {
        "ind1": "\\",
        "ind2": "\\",
        "subfields": [
          {
            "a": "   56002446 "
          },
          {
            "z": "sc 79004662 "
          }
        ]
      }
    },
    {
      "040": {
        "ind1": "\\",
        "ind2": "\\",
        "subfields": [
          {
            "a": "NYG"
          },
          {
            "b": "eng"
          },
          {
            "c": "NYG"
          },
          {
            "d": "DLC"
          },
          {
            "d": "NSD"
          },
          {
            "d": "NST"
          },
          {
            "d": "HUL"
          },
          {
            "d": "AIP"
          },
          {
            "d": "DLC"
          },
          {
            "d": "NSD"
          },
          {
            "d": "OCL"
          },
          {
            "d": "DLC"
          },
          {
            "d": "NST"
          },
          {
            "d": "DLC"
          },
          {
            "d": "NST"
          },
          {
            "d": "DLC"
          },
          {
            "d": "OCL"
          },
          {
            "d": "NST"
          },
          {
            "d": "HUL"
          },
          {
            "d": "DLC"
          },
          {
            "d": "NSD"
          },
          {
            "d": "OCLCQ"
          },
          {
            "d": "MBB"
          },
          {
            "d": "OCLCQ"
          },
          {
            "d": "CNMBL"
          },
          {
            "d": "OCLCF"
          },
          {
            "d": "OCLCO"
          },
          {
            "d": "OCL"
          },
          {
            "d": "OCLCQ"
          },
          {
            "d": "OCLCO"
          }
        ]
      }
    },
    {
      "012": {
        "ind1": "\\",
        "ind2": "\\",
        "subfields": [
          {
            "a": "2"
          },
          {
            "i": "8404"
          },
          {
            "j": "1"
          }
        ]
      }
    },
    {
      "019": {
        "ind1": "\\",
        "ind2": "\\",
        "subfields": [
          {
            "a": "5237657"
          },
          {
            "a": "9609129"
          },
          {
            "a": "12955692"
          },
          {
            "a": "70729484"
          },
          {
            "a": "213744268"
          },
          {
            "a": "1236052703"
          },
          {
            "a": "1256334998"
          }
        ]
      }
    },
    {
      "022": {
        "ind1": "0",
        "ind2": "\\",
        "subfields": [
          {
            "a": "0589-0829"
          },
          {
            "l": "0589-0829"
          },
          {
            "2": "1"
          }
        ]
      }
    },
    {
      "035": {
        "ind1": "\\",
        "ind2": "\\",
        "subfields": [
          {
            "a": "(OCoLC)4950593"
          },
          {
            "z": "(OCoLC)5237657"
          },
          {
            "z": "(OCoLC)9609129"
          },
          {
            "z": "(OCoLC)12955692"
          },
          {
            "z": "(OCoLC)70729484"
          },
          {
            "z": "(OCoLC)213744268"
          },
          {
            "z": "(OCoLC)1236052703"
          },
          {
            "z": "(OCoLC)1256334998"
          }
        ]
      }
    },
    {
      "042": {
        "ind1": "\\",
        "ind2": "\\",
        "subfields": [
          {
            "a": "pcc"
          },
          {
            "a": "nsdp"
          }
        ]
      }
    },
    {
      "043": {
        "ind1": "\\",
        "ind2": "\\",
        "subfields": [
          {
            "a": "n-us---"
          }
        ]
      }
    },
    {
      "050": {
        "ind1": "0",
        "ind2": "0",
        "subfields": [
          {
            "a": "KF740.A5"
          },
          {
            "b": "C6"
          }
        ]
      }
    },
    {
      "050": {
        "ind1": "1",
        "ind2": "4",
        "subfields": [
          {
            "a": "HV75"
          },
          {
            "b": ".C6"
          }
        ]
      }
    },
    {
      "082": {
        "ind1": "0",
        "ind2": "4",
        "subfields": [
          {
            "a": "343.73066805"
          },
          {
            "b": "CON"
          }
        ]
      }
    },
    {
      "111": {
        "ind1": "2",
        "ind2": "\\",
        "subfields": [
          {
            "a": "Conference on Charitable Foundations."
          }
        ]
      }
    },
    {
      "210": {
        "ind1": "0",
        "ind2": "\\",
        "subfields": [
          {
            "a": "Proc. bienn. Conf. Charit. Found."
          }
        ]
      }
    },
    {
      "222": {
        "ind1": "\\",
        "ind2": "0",
        "subfields": [
          {
            "a": "Proceedings of the biennial Conference on Charitable Foundations"
          }
        ]
      }
    },
    {
      "245": {
        "ind1": "1",
        "ind2": "0",
        "subfields": [
          {
            "a": "Proceedings of the ... biennial Conference on Charitable Foundations /"
          },
          {
            "c": "New York University."
          }
        ]
      }
    },
    {
      "260": {
        "ind1": "\\",
        "ind2": "\\",
        "subfields": [
          {
            "a": "Albany, N.Y. :"
          },
          {
            "b": "M. Bender,"
          },
          {
            "c": "1953-1975."
          }
        ]
      }
    },
    {
      "300": {
        "ind1": "\\",
        "ind2": "\\",
        "subfields": [
          {
            "a": "12 volumes ;"
          },
          {
            "c": "24 cm"
          }
        ]
      }
    },
    {
      "310": {
        "ind1": "\\",
        "ind2": "\\",
        "subfields": [
          {
            "a": "Biennial"
          }
        ]
      }
    },
    {
      "336": {
        "ind1": "\\",
        "ind2": "\\",
        "subfields": [
          {
            "a": "text"
          },
          {
            "b": "txt"
          },
          {
            "2": "rdacontent"
          }
        ]
      }
    },
    {
      "337": {
        "ind1": "\\",
        "ind2": "\\",
        "subfields": [
          {
            "a": "unmediated"
          },
          {
            "b": "n"
          },
          {
            "2": "rdamedia"
          }
        ]
      }
    },
    {
      "338": {
        "ind1": "\\",
        "ind2": "\\",
        "subfields": [
          {
            "a": "volume"
          },
          {
            "b": "nc"
          },
          {
            "2": "rdacarrier"
          }
        ]
      }
    },
    {
      "362": {
        "ind1": "0",
        "ind2": "\\",
        "subfields": [
          {
            "a": "1st (1953)-12th (1975)."
          }
        ]
      }
    },
    {
      "550": {
        "ind1": "\\",
        "ind2": "\\",
        "subfields": [
          {
            "a": "Conducted by: the Institute on Federal Taxation, New York University."
          }
        ]
      }
    },
    {
      "555": {
        "ind1": "\\",
        "ind2": "\\",
        "subfields": [
          {
            "a": "Consolidated index to Proceedings of New York University biennial Conferences on Charitable Foundations. 1 v. (loose-leaf)."
          }
        ]
      }
    },
    {
      "580": {
        "ind1": "\\",
        "ind2": "\\",
        "subfields": [
          {
            "a": "Continued in 1983 by: Conference on Charitable Organizations. Proceedings of the Conference on Charitable Organizations."
          }
        ]
      }
    },
    {
      "588": {
        "ind1": "1",
        "ind2": "\\",
        "subfields": [
          {
            "a": "Volume 12 (1975)"
          }
        ]
      }
    },
    {
      "588": {
        "ind1": "0",
        "ind2": "\\",
        "subfields": [
          {
            "a": "Volume 3 (1957)"
          }
        ]
      }
    },
    {
      "650": {
        "ind1": "\\",
        "ind2": "0",
        "subfields": [
          {
            "a": "Charitable uses, trusts, and foundations"
          },
          {
            "z": "United States"
          },
          {
            "v": "Congresses."
          }
        ]
      }
    },
    {
      "650": {
        "ind1": "\\",
        "ind2": "0",
        "subfields": [
          {
            "a": "Charitable uses, trusts, and foundations"
          },
          {
            "x": "Taxation"
          },
          {
            "z": "United States"
          },
          {
            "v": "Congresses."
          }
        ]
      }
    },
    {
      "650": {
        "ind1": "\\",
        "ind2": "0",
        "subfields": [
          {
            "a": "Charitable uses, trusts, and foundations"
          },
          {
            "z": "United States"
          },
          {
            "x": "Congresses."
          }
        ]
      }
    },
    {
      "650": {
        "ind1": "\\",
        "ind2": "7",
        "subfields": [
          {
            "a": "Charitable uses, trusts, and foundations."
          },
          {
            "2": "fast"
          },
          {
            "0": "(OCoLC)fst00852380"
          }
        ]
      }
    },
    {
      "650": {
        "ind1": "\\",
        "ind2": "7",
        "subfields": [
          {
            "a": "Charitable uses, trusts, and foundations"
          },
          {
            "x": "Taxation."
          },
          {
            "2": "fast"
          },
          {
            "0": "(OCoLC)fst00852391"
          }
        ]
      }
    },
    {
      "651": {
        "ind1": "\\",
        "ind2": "7",
        "subfields": [
          {
            "a": "United States."
          },
          {
            "2": "fast"
          },
          {
            "0": "(OCoLC)fst01204155"
          }
        ]
      }
    },
    {
      "655": {
        "ind1": "\\",
        "ind2": "7",
        "subfields": [
          {
            "a": "Conference papers and proceedings."
          },
          {
            "2": "fast"
          },
          {
            "0": "(OCoLC)fst01423772"
          }
        ]
      }
    },
    {
      "710": {
        "ind1": "2",
        "ind2": "\\",
        "subfields": [
          {
            "a": "New York University."
          },
          {
            "b": "Institute on Federal Taxation."
          }
        ]
      }
    },
    {
      "776": {
        "ind1": "0",
        "ind2": "8",
        "subfields": [
          {
            "i": "Online version:"
          },
          {
            "a": "Conference on Charitable Foundations."
          },
          {
            "t": "Proceedings of the ... biennial Conference on Charitable Foundations"
          },
          {
            "w": "(OCoLC)693139138"
          }
        ]
      }
    },
    {
      "780": {
        "ind1": "0",
        "ind2": "0",
        "subfields": [
          {
            "a": "New York University Conference on Charitable Foundations."
          },
          {
            "t": "Proceedings of New York University ... biennial Conference on Charitable Foundations"
          },
          {
            "w": "(DLC)   86642875"
          },
          {
            "w": "(OCoLC)10729714"
          }
        ]
      }
    },
    {
      "785": {
        "ind1": "1",
        "ind2": "0",
        "subfields": [
          {
            "a": "Conference on Charitable Organizations."
          },
          {
            "t": "Proceedings of the ... Conference on Charitable Organizations"
          },
          {
            "x": "1082-4820"
          },
          {
            "w": "(DLC)   95647556"
          },
          {
            "w": "(OCoLC)9539382"
          }
        ]
      }
    },
    {
      "850": {
        "ind1": "\\",
        "ind2": "\\",
        "subfields": [
          {
            "a": "DLC"
          },
          {
            "a": "ICarbS"
          },
          {
            "a": "MH-L"
          },
          {
            "a": "NBuU"
          },
          {
            "a": "NcD"
          },
          {
            "a": "PPiU"
          }
        ]
      }
    },
    {
      "994": {
        "ind1": "\\",
        "ind2": "\\",
        "subfields": [
          {
            "a": "Z0"
          },
          {
            "b": "NYRVC"
          }
        ]
      }
    },
    {
      "948": {
        "ind1": "\\",
        "ind2": "\\",
        "subfields": [
          {
            "h": "NO HOLDINGS IN NYRVC - 205 OTHER HOLDINGS"
          }
        ]
      }
    },
    {
      "999": {
        "ind1": "\\",
        "ind2": "\\",
        "subfields": [
          {
            "a": "00000000013914"
          },
          {
            "v": "Volume 3"
          }
        ]
      }
    },
    {
      "999": {
        "ind1": "\\",
        "ind2": "\\",
        "subfields": [
          {
            "a": "00000000013918"
          },
          {
            "v": "Volume 9"
          }
        ]
      }
    },
    {
      "999": {
        "ind1": "\\",
        "ind2": "\\",
        "subfields": [
          {
            "a": "00000000013922"
          },
          {
            "v": "Volume 10"
          }
        ]
      }
    },
    {
      "999": {
        "ind1": "\\",
        "ind2": "\\",
        "subfields": [
          {
            "a": "00000000013926"
          },
          {
            "v": "Volume 12"
          }
        ]
      }
    }
  ]
}